@article {bauer,
    title = "The quiet revolution of numerical weather prediction",
    author = "Bauer, P. and Thorpe, A. and Brunet, G.",
    url = {https://doi.org/10.1038/nature14956},
    doi = {10.1038/nature14956},
    journal = {Nature},
    year = {2015},
}

@book{nwp,
  title = {Fundamentals of Numerical Weather Prediction},
  author = {Coiffier, Jean},
  year = {2012},
}
